@article{CT:2,
	author = "Laurie, B. and Langley, A. and Kasper, E. and Messeri, E. and Stradling, R.",
	journal = "IETF Tools",
	title = {Certificate Transparency Version 2.0},
	date = {March 05, 2018},
	year = 2018,
	DOI = "https://tools.ietf.org/html/draft-ietf-trans-rfc6962-bis-28",
	OPTlanguage = {English},
	OPTversion = {bis-24}
}

@misc{cryptoeprint:2016:683,
	author = {Rasmus Dahlberg and Tobias Pulls and Roel Peeters},
	title = {Efficient Sparse Merkle Trees: Caching Strategies and Secure (Non-)Membership Proofs},
	howpublished = {Cryptology ePrint Archive, Report 2016/683},
	year = {2016},
	note = {\url{https://eprint.iacr.org/2016/683}},
}

@misc{ct:org,
	author = {certificate-transparency.org},
	title = {Certificate Transparency},
	howpublished = {Google Sites},
	year = {2018},
	note = {\url{https://www.certificate-transparency.org}},
}